@article{pitfallsML,
    author = "Robin Lovelace and Ilan Fridman-Rojas and Rob Long",
    title = "New tools of the trade? The potential and pitfalls of ’Machine
Learning’ and ’DAGs’ to model origin-destination data",
    journal = "White Rose University Consortium",
    year = 2017
}

@article{MLVision,
    author = "Mai-Anh T. Vu and Tülay Adalı and Demba Ba and György Buzsáki and David Carlson and Katherine Heller and Conor Liston and Cynthia Rudin and Vikaas S. Sohal and Alik S. Widge and Helen S. Mayberg and Guillermo Sapiro and Kafui Dzirasa",
    title = "A Shared Vision for Machine Learning in Neuroscience",
    journal = "The Journal of Neuroscience",
    year = 2017
}

@article{GoldenAgeArchitecture,
    author = "Jeff Dean and David Patterson and Cliff Young",
    title = "A New Golden Age in Computer Architecture: Empowering the Machine-Learning Revolution",
    journal = "The Journal of Neuroscience",
    year = 2017
}